@article{shao2024deepseek,
  title={DeepSeek-R1: Incentivizing Reasoning Capability in LLMs via Reinforcement Learning},
  author={Shao, Zhihong and Wang, Peiyi and Zhu, Qihao and Xu, Runxin and Song, Junxiao and Zhang, Minghua and Li, Yushi and Wu, Yu and Guo, Daya},
  journal={arXiv preprint arXiv:2501.12948},
  year={2024}
}
